@article{sun2021aoi,
  title={AoI-energy-aware UAV-assisted data collection for IoT networks: A deep reinforcement learning method},
  author={Sun, Mengying and Xu, Xiaodong and Qin, Xiaoqi and Zhang, Ping},
  journal={IEEE Internet of Things Journal},
  volume={8},
  number={24},
  pages={17275--17289},
  year={2021},
  publisher={IEEE}
}

@article{wan2024deep,
  title={Deep Reinforcement Learning Enabled Multi-UAV Scheduling for Disaster Data Collection With Time-Varying Value},
  author={Wan, Pengfu and Xu, Gangyan and Chen, Jiawei and Zhou, Yaoming},
  journal={IEEE Transactions on Intelligent Transportation Systems},
  year={2024},
  publisher={IEEE}
}

@inproceedings{yi2020deep,
  title={Deep reinforcement learning for fresh data collection in UAV-assisted IoT networks},
  author={Yi, Mengjie and Wang, Xijun and Liu, Juan and Zhang, Yan and Bai, Bo},
  booktitle={IEEE INFOCOM 2020-IEEE Conference on Computer Communications Workshops (INFOCOM WKSHPS)},
  pages={716--721},
  year={2020},
  organization={IEEE}
}

@article{zhan2019completion,
  title={Completion time minimization for multi-UAV-enabled data collection},
  author={Zhan, Cheng and Zeng, Yong},
  journal={IEEE Transactions on Wireless Communications},
  volume={18},
  number={10},
  pages={4859--4872},
  year={2019},
  publisher={IEEE}
}

@article{liu2022drl,
  title={DRL-UTPS: DRL-based trajectory planning for unmanned aerial vehicles for data collection in dynamic IoT network},
  author={Liu, Run and Qu, Zhenzhe and Huang, Guosheng and Dong, Mianxiong and Wang, Tian and Zhang, Shaobo and Liu, Anfeng},
  journal={IEEE Transactions on Intelligent Vehicles},
  volume={8},
  number={2},
  pages={1204--1218},
  year={2022},
  publisher={IEEE}
}

@article{hu2022obstacle,
  title={Obstacle avoidance for uas in continuous action space using deep reinforcement learning},
  author={Hu, Jueming and Yang, Xuxi and Wang, Weichang and Wei, Peng and Ying, Lei and Liu, Yongming},
  journal={IEEE Access},
  volume={10},
  pages={90623--90634},
  year={2022},
  publisher={IEEE}
}

@article{lyu2022global,
  title={Global analysis of active defense technologies for unmanned aerial vehicle},
  author={Lyu, Chenyang and Zhan, Renjun},
  journal={IEEE Aerospace and Electronic Systems Magazine},
  volume={37},
  number={1},
  pages={6--31},
  year={2022},
  publisher={IEEE}
}

@article{gong2023resilient,
  title={Resilient path planning of uav formation flight against covert attacks on ultra-wideband sensors},
  author={Gong, Xin and Gong, Liqiang and Huang, Tingwen and Cui, Yukang},
  journal={IEEE Transactions on Industrial Cyber-Physical Systems},
  year={2023},
  publisher={IEEE}
}

@article{kosta2017age,
  title={Age of information: A new concept, metric, and tool},
  author={Kosta, Antzela and Pappas, Nikolaos and Angelakis, Vangelis and others},
  journal={Foundations and Trends{\textregistered} in Networking},
  volume={12},
  number={3},
  pages={162--259},
  year={2017},
  publisher={Now Publishers, Inc.}
}

@article{liu2022aoi,
  title={AoI-minimal task assignment and trajectory optimization in multi-UAV-assisted IoT networks},
  author={Liu, Cuntao and Guo, Yan and Li, Ning and Song, Xiaoxiang},
  journal={IEEE Internet of Things Journal},
  volume={9},
  number={21},
  pages={21777--21791},
  year={2022},
  publisher={IEEE}
}

@article{baek2019energy,
  title={Energy-efficient UAV routing for wireless sensor networks},
  author={Baek, Jaeuk and Han, Sang Ik and Han, Youngnam},
  journal={IEEE Transactions on Vehicular Technology},
  volume={69},
  number={2},
  pages={1741--1750},
  year={2019},
  publisher={IEEE}
}

@article{xu2021joint,
  title={Joint location, bandwidth and power optimization for THz-enabled UAV communications},
  author={Xu, Luyao and Chen, Ming and Chen, Mingzhe and Yang, Zhaohui and Chaccour, Christina and Saad, Walid and Hong, Choong Seon},
  journal={IEEE Communications Letters},
  volume={25},
  number={6},
  pages={1984--1988},
  year={2021},
  publisher={IEEE}
}

@article{lim2021towards,
  title={Towards federated learning in uav-enabled internet of vehicles: A multi-dimensional contract-matching approach},
  author={Lim, Wei Yang Bryan and Huang, Jianqiang and Xiong, Zehui and Kang, Jiawen and Niyato, Dusit and Hua, Xian-Sheng and Leung, Cyril and Miao, Chunyan},
  journal={IEEE Transactions on Intelligent Transportation Systems},
  volume={22},
  number={8},
  pages={5140--5154},
  year={2021},
  publisher={IEEE}
}

@article{xu2020big,
  title={Big data on the fly: UAV-mounted mobile edge computing for disaster management},
  author={Xu, Jianwen and Ota, Kaoru and Dong, Mianxiong},
  journal={IEEE Transactions on Network Science and Engineering},
  volume={7},
  number={4},
  pages={2620--2630},
  year={2020},
  publisher={IEEE}
}
@article{zhou2024optimization,
  title={Optimization Algorithm for AoI-Based UAV-Assisted Data Collection},
  author={Zhou, Xiaoya and Zhu, Qi and others},
  journal={International Journal of Distributed Sensor Networks},
  volume={2024},
  year={2024},
  publisher={Hindawi}
}

@inproceedings{fujimoto2018addressing,
  title={Addressing function approximation error in actor-critic methods},
  author={Fujimoto, Scott and Hoof, Herke and Meger, David},
  booktitle={International conference on machine learning},
  pages={1587--1596},
  year={2018},
  organization={PMLR}
}

@article{schulman2017proximal,
  title={Proximal policy optimization algorithms},
  author={Schulman, John and Wolski, Filip and Dhariwal, Prafulla and Radford, Alec and Klimov, Oleg},
  journal={arXiv preprint arXiv:1707.06347},
  year={2017}
}
@INPROCEEDINGS{DQN_Paper,
  author={Liu, Lihong and Tian, Bailing and Zhao, Xinyi and Zong, Qun},
  booktitle={2019 IEEE International Conference on Real-time Computing and Robotics (RCAR)}, 
  title={UAV Autonomous Trajectory Planning in Target Tracking Tasks via a DQN Approach}, 
  year={2019},
  volume={},
  number={},
  pages={277-282},
  keywords={Reinforcement learning;Unmanned aerial vehicles;Target tracking;Neural networks;Mathematical model;Task analysis;Robots},
  doi={10.1109/RCAR47638.2019.9044134}}
@INPROCEEDINGS{SingleAgentPPO,
  author={Kumari, Shilpi and Sodhi, Eshaan and Gupta, Dev and Pratap, Ajay},
  booktitle={2024 IEEE Space, Aerospace and Defence Conference (SPACE)}, 
  title={AoI-Aware Deep Reinforcement Learning Based UAV Path Planning for Defence Applications}, 
  year={2024},
  volume={},
  number={},
  pages={230-234},
  keywords={Energy consumption;Trajectory planning;Wireless networks;Autonomous aerial vehicles;Deep reinforcement learning;Information age;Energy efficiency;UAV;IoT;AoI;Defense;Clustering;DRL},
  doi={10.1109/SPACE63117.2024.10668088}}
